% This file was created with JabRef 2.3.1.
% Encoding: UTF8

@STRING{URL = {}}

@article{Web-application,
  title={Modeling Web application architectures with UML},
  author={Jim Conallen},
  journal={Communications of the ACM},
  year={1999},
  month= {10},
  pages={63–70},
}

@book{HTML-CSS-JAVASCRIPT,
  author = {Julie C. Meloni and Jennifer Kyrnin},
  title = {HTML, CSS and JavaScript All in One, Sams Teach Yourself: Covering HTML5, CSS3, and jQuery},
  publisher = {Sams Publishing},
  year = 2014,
}

@mastersthesis{LIU-Thesis,
  author = {呂昭陞}, 
  title  = {RF Refactoring：一個改善 XPath表達式在網頁應用程式自動化驗收測試之穩定性的方法},
  school = {國立台北科技大學},
  year   = 2018
}

@manual{HTML,
  author = {T. Berners-Lee and D. Connolly}, 
  title  = {Hypertext Markup Language - 2.0},
  year   = 1999
}

@book{HTML-book,
  author = {Steven Bright}, 
  title  = {Hypertext Markup Language (HTML) Fundamentals: How to Master HTML with Ease},
  year   = 2018
}

@misc{Node.js,
 title = {{N}ode.js {O}fficial {W}ebsite},
 year = {},
 howpublished={\url{https://nodejs.org/en/docs/}}
}

@book{Node.js-book,
  author = {Basarat Ali Syed}, 
  title  = {Beginning Node.js},
  year   = 2014
}

@misc{NPM,
 title = {{NPM} {O}fficial {W}ebsite},
 year = {},
 howpublished={\url{https://docs.npmjs.com/}}
}

@book{Jquery,
  author = {Macrae, Callum}, 
  title  = {Learning from Jquery},
  year   = 1999
}

@misc{Hiff,
 title = {{H}iff - the diff that understands {HTML}},
 year = {},
 howpublished={\url{https://github.com/krajzeg/hiff}}
}

@book{Web-Locators,
  author = {Maurizio Leotta and Diego Clerissi and Filippo Ricca and Paolo Tonella},
  title = {Visual vs. DOM-Based Web Locators: An Empirical Study},
  publisher = {International Conference on Web Engineering},
  year = 2014,
}

@book{DOM,
  author = {Joe Marini}, 
  title  = {Document Object Model},
  year   = 2002
}

@book{XML,
  author = {Elliotte Rusty Harold}, 
  title  = {XML: Extensible Markup Language},
  year   = 1999
}

@manual{XPath,
  author = {J Clark, S Derose}, 
  title  = {XML path language (XPath) version 1.0},
  year   = 1995
}

@article{Test-Case-Aging-By-XPath,
  title={Reducing Web Test Cases Aging by Means of Robust XPath Locators},
  author={Maurizio Leotta and Andrea Stocco and Filippo Ricca and Paolo Tonella},
  journal={2014 IEEE International Symposium on Software Reliability Engineering Workshops},
  year={2014},
  publisher={IEEE}
}

@misc{XPath-Selenium-Selectors,
 title = {{H}ow {T}o {W}rite {E}ffective {XP}ath {S}elenium {S}electors},
 year = {},
 howpublished={\url{https://www.swtestacademy.com/xpath-selenium/}}
}

@book{Chrome-Developer-Tools,
  author = {Peter Moxon},
  title = {Google Chrome Developer Tools: Beginners Guide},
  publisher = {SAPPROUK Limited},
  year = 2014,
}

@book{Chrome-Extension,
  author = {Prateek Mehta},
  title = {Creating Google Chrome Extensions},
  publisher = {Apress},
  year = 2016,
}

@mastersthesis{Chrome-Extension-Thesis,
  author = {Adrian A. Skogvold}, 
  title  = {Extending the Chrome browser},
  school = {UiT The Arctic University of Norway},
  year   = 2015
}

@article{HTML-Comparison-Algorithm,
  title={HTML document content comparison algorithm},
  author={Ostreika, Armantas and Lauraitis, Andrius},
  journal={Baltic journal of modern computing.},
  volume={3},
  pages={193--204},
  year={2015},
  publisher={Riga : University of Latvia, Institute of Mathematics and Informatics}
}

@misc{Furn-Free-CSS-Template,
 title = {{F}urn {CSS} Template },
 year = {},
 howpublished={\url{https://www.free-css.com/free-css-templates/page275/furn}}
}